<record><leader>00000cas a22000007a 4500</leader><controlfield tag="001">16160148</controlfield><controlfield tag="008">870710d19591982iauwr ne      0    0eng d</controlfield><datafield ind1=" " ind2=" " tag="010"><subfield code="a">sn 87057594 </subfield></datafield><datafield ind1=" " ind2=" " tag="040"><subfield code="a">INP</subfield><subfield code="b">eng</subfield><subfield code="c">INP</subfield><subfield code="d">OCLCQ</subfield></datafield><datafield ind1=" " ind2=" " tag="042"><subfield code="a">msc</subfield></datafield><datafield ind1="0" ind2=" " tag="130"><subfield code="a">Sioux County capital (Orange City, Iowa : 1959)</subfield></datafield><datafield ind1="1" ind2="4" tag="245"><subfield code="a">The Sioux County capital.</subfield></datafield><datafield ind1=" " ind2=" " tag="260"><subfield code="a">Orange City, Iowa :</subfield><subfield code="b">[s.n.],</subfield><subfield code="c">1959-1982.</subfield></datafield><datafield ind1=" " ind2=" " tag="300"><subfield code="a">30 v.</subfield></datafield><datafield ind1=" " ind2=" " tag="310"><subfield code="a">Weekly</subfield></datafield><datafield ind1="0" ind2=" " tag="362"><subfield code="a">24th year, no. 30 (July 9, 1959)-v. 53, no. 8 (Dec. 27, 1982).</subfield></datafield><datafield ind1=" " ind2=" " tag="752"><subfield code="a">United States</subfield><subfield code="b">Iowa</subfield><subfield code="c">Sioux</subfield><subfield code="d">Orange City.</subfield></datafield><datafield ind1="0" ind2="0" tag="780"><subfield code="t">Sioux County capital and de volksvriend</subfield><subfield code="w">(DLC)sn 87057593</subfield></datafield><datafield ind1="0" ind2="7" tag="785"><subfield code="t">Democrat (Alton, Iowa)</subfield><subfield code="w">(DLC)sn 87057580</subfield></datafield><datafield ind1="0" ind2="7" tag="785"><subfield code="t">Sioux County capital-Democrat</subfield><subfield code="w">(DLC)sn 87057595</subfield></datafield></record>